<?xml version="1.0" encoding="UTF-8"?><collection xmlns="http://www.loc.gov/MARC21/slim"><record><leader>00553nam--2200181-i-4500</leader><controlfield tag="001">000012006</controlfield><controlfield tag="002">20161230</controlfield><controlfield tag="005">20161230201029</controlfield><controlfield tag="008">060222s1000------------r-----000-0-fre-d</controlfield><datafield ind1=" " ind2=" " tag="040"><subfield code="a">IFIN-HH</subfield></datafield><datafield ind1=" " ind2=" " tag="041"><subfield code="a">fre</subfield></datafield><datafield ind1=" " ind2=" " tag="080"><subfield code="a">530.145.6</subfield></datafield><datafield ind1="1" ind2=" " tag="100"><subfield code="a">Darrow, Karl K</subfield></datafield><datafield ind1="1" ind2="0" tag="245"><subfield code="a">La synthese des ondes et des corpuscules. expose elementaire publie avec une introduction et des notes par marcel boll</subfield><subfield code="c">Karl k. darrow</subfield></datafield><datafield ind1=" " ind2=" " tag="260"><subfield code="a">Paris</subfield><subfield code="b">Librairie Scientifique Hermann Et Cie</subfield><subfield code="c">1931</subfield></datafield><datafield ind1=" " ind2=" " tag="300"><subfield code="a">53P</subfield></datafield><datafield ind1=" " ind2=" " tag="852"><subfield code="a">44432</subfield><subfield code="c">H.H</subfield></datafield><datafield ind1=" " ind2=" " tag="CAT"><subfield code="a">Sys</subfield><subfield code="c">20130403</subfield><subfield code="h">160510</subfield></datafield></record></collection>